<?xml version="1.0" encoding="UTF-8"?><collection xmlns="http://www.loc.gov/MARC21/slim"><record><leader>00388nam--2200133-i-4500</leader><controlfield tag="001">000024385</controlfield><controlfield tag="002">20161230</controlfield><controlfield tag="005">20161230201035</controlfield><controlfield tag="008">060222s1000------------r-----000-0-eng-d</controlfield><datafield ind1=" " ind2=" " tag="080"><subfield code="a">114:530.1(09)</subfield></datafield><datafield ind1=" " ind2=" " tag="100"><subfield code="a">Jammer, Max</subfield></datafield><datafield ind1=" " ind2=" " tag="245"><subfield code="a">Concepts of space. the history of theories os space in physics</subfield></datafield><datafield ind1=" " ind2=" " tag="260"><subfield code="a">Cambridge, Massachusetts, Harvard University Press, 1954, 196 P</subfield></datafield><datafield ind1=" " ind2=" " tag="852"><subfield code="a">75483</subfield></datafield></record></collection>